<?xml version="1.0" encoding="UTF-8"?>
<record xmlns="http://www.loc.gov/MARC21/slim">
   <leader>00904cam a2200229   4500</leader>
   <controlfield tag="001">2341594</controlfield>
   <controlfield tag="003">NjP</controlfield>
   <controlfield tag="005">20100816103421.0</controlfield>
   <controlfield tag="008">850507m19549999ua       c    000 0 ara d</controlfield>
   <datafield tag="024" ind1="7" ind2=" ">
      <subfield code="a">princeton_aco004902</subfield>
      <subfield code="2">local</subfield>
   </datafield>
   <datafield ind1=" " ind2=" " tag="035">
      <subfield code="a">(OCoLC)ocm12007224</subfield>
   </datafield>
   <datafield ind1=" " ind2=" " tag="035">
      <subfield code="9">CKX7638TS</subfield>
   </datafield>
   <datafield ind1=" " ind2=" " tag="040">
      <subfield code="a">CLU</subfield>
      <subfield code="c">CLU</subfield>
      <subfield code="d">AZU</subfield>
      <subfield code="d">PUL</subfield>
   </datafield>
   <datafield ind1="1" ind2=" " tag="100">
      <subfield code="a">Sayyid, Fuʾād.</subfield>
   </datafield>
   <datafield ind1="1" ind2="0" tag="245">
      <subfield code="a">Fihris al-makhṭūṭāt al-muṣawwarah /</subfield>
      <subfield code="c">ṭaṣnīf Fuʾād al-Sayyid.</subfield>
   </datafield>
   <datafield ind1=" " ind2=" " tag="260">
      <subfield code="a">al-Qāhirah :</subfield>
      <subfield code="b">Maʻhad aḥyāʾ al-makhṭūṭāt al-ʻArabīyah,</subfield>
      <subfield code="c">1954-</subfield>
   </datafield>
   <datafield ind1=" " ind2=" " tag="300">
      <subfield code="a">v. ;</subfield>
      <subfield code="c">30 cm, v.2 25 cm.</subfield>
   </datafield>
   <datafield ind1=" " ind2=" " tag="500">
      <subfield code="a">al-Juzʾ 2. waḍaʻahu al-Duktūr Luṭfī ʻAbd al-Badīʻ.</subfield>
   </datafield>
   <datafield ind1="1" ind2=" " tag="505">
      <subfield code="a">al-Juzʾ 2. al-Tārīkh.</subfield>
   </datafield>
   <datafield ind1=" " ind2="0" tag="650">
      <subfield code="a">Manuscripts, Arabic</subfield>
      <subfield code="z">Egypt</subfield>
      <subfield code="z">Cairo</subfield>
      <subfield code="v">Catalogs.</subfield>
   </datafield>
   <datafield ind1="1" ind2=" " tag="710">
      <subfield code="a">Cairo (Egypt).</subfield>
      <subfield code="b">Institut des manuscripts arabes.</subfield>
   </datafield>
   <datafield ind1=" " ind2=" " tag="945">
      <subfield code="a">F</subfield>
      <subfield code="b">1</subfield>
      <subfield code="c">0412.128.569</subfield>
      <subfield code="e">v.1-2, pt.3; v.3, pt.1-2</subfield>
   </datafield>
   <datafield ind1=" " ind2=" " tag="911">
      <subfield code="a">19990626</subfield>
   </datafield>
   <datafield ind1="0" ind2="1" tag="852">
      <subfield code="0">2634538</subfield>
      <subfield code="b">f</subfield>
      <subfield code="t">1</subfield>
      <subfield code="h">Z6605.A6</subfield>
      <subfield code="i">S299 1954</subfield>
   </datafield>
   <datafield ind1=" " ind2="0" tag="866">
      <subfield code="0">2634538</subfield>
      <subfield code="8">0</subfield>
      <subfield code="a">v.1-2, pt.3; v.3, pt.1-2</subfield>
   </datafield>
   <datafield ind1=" " ind2=" " tag="959">
      <subfield code="a">2005-03-16 10:27:24 -0400</subfield>
   </datafield>
</record>
